%%% copied from the official project 
%%% https://www.overleaf.com/project/649c483b0466ee4cd87f821d

%%% Standard PhysioNet reference

@article{Goldberger2000,
  title={{P}hysio{B}ank, {P}hysio{T}oolkit, and {P}hysio{N}et: Components of a New Research Resource for Complex Physiologic Signals},
  author={Goldberger, Ary L and Amaral, Luis AN and Glass, Leon and Hausdorff, Jeffrey M and Ivanov, Plamen Ch and Mark, Roger G and Mietus, Joseph E and Moody, George B and Peng, Chung-Kang and Stanley, H Eugene},
  journal={Circulation},
  volume={101},
  number={23},
  pages={e215--e220},
  year={2000},
  publisher={American Heart Association}
}

%%% Current Challenge reference

@article{2023Challenge,
  author = {Reyna, Matthew A. and Amorim, Edilberto and Sameni, Reza and Weigle, James and Elola, Andoni and Bahrami Rad, Ali and Seyedi, Salman and Kwon, Hyeokhyen and Zheng, Wei-Long and Ghassemi, Mohammad and van Putten, Michel J.A.M. and Hofmeijer, Jeannette and Gaspard, Nicolas and Sivaraju, Adithya and Herman, Susan and Lee, Jong W. and Westover, M. Brandon and Clifford, Gari D.},
  title = {{P}redicting Neurological Recovery from Coma After Cardiac Arrest: The {G}eorge {B}.\ {M}oody {P}hysio{N}et {C}hallenge 2023},
  journal={Computing in Cardiology},
  volume={50},
  pages={1--4},
  year={2023},
  publisher={IEEE}
}

@article {ICAREDatabase,
  author = {Edilberto Amorim and Wei-Long Zheng and Mohammad M Ghassemi and Mahsa Aghaeeaval and Pravinkumar Kandhare and Vishnu Karukonda and Jong W Lee and Susan T Herman and Adithya Sivaraju and Nicolas Gaspard and Jeannette Hofmeijer and Michel JAM van Putten and Reza Sameni and Matthew A Reyna and Gari D Clifford and M B Westover},
  title = {{The International Cardiac Arrest Research (I-CARE) Consortium Electroencephalography Database}},
  elocation-id = {2023.08.28.23294672},
  year = {2023},
  doi = {10.1101/2023.08.28.23294672},
  publisher = {Cold Spring Harbor Laboratory Press},
  URL = {https://www.medrxiv.org/content/early/2023/08/28/2023.08.28.23294672},
  eprint = {https://www.medrxiv.org/content/early/2023/08/28/2023.08.28.23294672.full.pdf},
  journal = {medRxiv}
}

@article{Amorim_2023_ICAREDatabase,
      title = {{The International Cardiac Arrest Research Consortium Electroencephalography Database}},
     author = {Edilberto Amorim and Wei-Long Zheng and Mohammad M. Ghassemi and Mahsa Aghaeeaval and Pravinkumar Kandhare and Vishnu Karukonda and Jong Woo Lee and Susan T. Herman and Adithya Sivaraju and Nicolas Gaspard and Jeannette Hofmeijer and Michel J. A. M. van Putten and Reza Sameni and Matthew A. Reyna and Gari D. Clifford and M. Brandon Westover},
    journal = {{Critical Care Medicine}},
        doi = {10.1097/ccm.0000000000006074},
       year = {2023},
      month = {10},
  publisher = {{Ovid Technologies (Wolters Kluwer Health)}},
       note = {(Online ahead of print)}
}

%%% custom references copied from references.bib

@article{Yan_2020_Global,
      title = {{The Global Survival Rate Among Adult Out-of-Hospital Cardiac Arrest Patients Who Received Cardiopulmonary Resuscitation: A Systematic Review and Meta-Analysis}},
     author = {Shijiao Yan and Yong Gan and Nan Jiang and Rixing Wang and Yunqiang Chen and Zhiqian Luo and Qiao Zong and Song Chen and Chuanzhu Lv},
    journal = {{Critical Care}},
        doi = {10.1186/s13054-020-2773-2},
       year = {2020},
      month = {2},
  publisher = {{Springer Science and Business Media LLC}},
     volume = {24},
  articleno = {61},
     number = {1}
}

@article{Benghanem_2022_Prog,
      title = {{Prognostication After Cardiac Arrest: How EEG and Evoked Potentials May Improve the Challenge}},
     author = {Sarah Benghanem and Estelle Pruvost-Robieux and El{\'{e}}onore Bouchereau and Martine Gavaret and Alain Cariou},
    journal = {{Annals of Intensive Care}},
        doi = {10.1186/s13613-022-01083-9},
       year = {2022},
      month = {12},
  publisher = {{Springer Science and Business Media LLC}},
     volume = {12},
     number = {1}
}

@article{Cronberg_2020_Brain,
      title = {{Brain Injury After Cardiac Arrest: From Prognostication of Comatose Patients to Rehabilitation}},
     author = {Tobias Cronberg and David M Greer and Gisela Lilja and V{\'{e}}ronique Moulaert and Paul Swindell and Andrea O Rossetti},
    journal = {{The Lancet Neurology}},
        doi = {10.1016/s1474-4422(20)30117-4},
       year = {2020},
      month = {7},
  publisher = {{Elsevier BV}},
     volume = {19},
     number = {7},
      pages = {611--622}
}

@article{Zheng_2021_coma,
      title = {{Predicting Neurological Outcome in Comatose Patients After Cardiac Arrest with Multiscale Deep Neural Networks}},
     author = {Wei-Long Zheng and Edilberto Amorim and Jin Jing and Wendong Ge and Shenda Hong and Ona Wu and Mohammad Ghassemi and Jong Woo Lee and Adithya Sivaraju and Trudy Pang and Susan T. Herman and Nicolas Gaspard and Barry J. Ruijter and Jimeng Sun and Marleen C. Tjepkema-Cloostermans and Jeannette Hofmeijer and Michel J.A.M. van Putten and M. Brandon Westover},
    journal = {{Resuscitation}},
        doi = {10.1016/j.resuscitation.2021.10.034},
       year = {2021},
      month = {12},
  publisher = {{Elsevier BV}},
     volume = {169},
      pages = {86--94}
}

@article{Kang_2022_cinc2021_iop,
      title = {{A Study on Several Critical Problems on Arrhythmia Detection using Varying-Dimensional Electrocardiography}},
     author = {Jingsu Kang and Hao Wen},
    journal = {{Physiological Measurement}},
        doi = {10.1088/1361-6579/ac6aa3},
       year = {2022},
      month = {6},
  publisher = {{IOP Publishing}},
     volume = {43},
     number = {6},
      pages = {064007}
}

@article{hu2020senet,
     title = {{Squeeze-and-Excitation Networks}}, 
    author = {Jie Hu and Li Shen and Samuel Albanie and Gang Sun and Enhua Wu},
   journal = {{IEEE Transactions on Pattern Analysis and Machine Intelligence}},
      year = {2020},
    volume = {42},
    number = {8},
     pages = {2011-2023},
 publisher = {{IEEE}},
       doi = {10.1109/tpami.2019.2913372}
}

@inproceedings{wen_cinc2022,
      title = {{Searching for Effective Neural Network Architectures for Heart Murmur Detection from Phonocardiogram}},
     author = {Hao WEN and Jingsu Kang},
  booktitle = {{2022 Computing in Cardiology (CinC)}},
        doi = {10.22489/cinc.2022.130},
       year = {2022},
      month = {9},
   location = {Tampere, Finland},
      pages = {1-4},
  publisher = {{IEEE}}
}

@inproceedings{ridnik2021asymmetric_loss,
      title = {{Asymmetric Loss for Multi-Label Classification}},
     author = {Ridnik, Tal and Ben-Baruch, Emanuel and Zamir, Nadav and Noy, Asaf and Friedman, Itamar and Protter, Matan and Zelnik-Manor, Lihi},
  booktitle = {{Proceedings of the IEEE/CVF International Conference on Computer Vision}},
      pages = {82--91},
       year = {2021},
      month = {10},
        doi = {10.1109/ICCV48922.2021.00015},
   location = {{Montreal, QC, Canada}},
  publisher = {{IEEE}}
}
